@book{martinfowler2003,
	author={Fowler, Martin},
	year={2003},
	title={Patters of enterprise application architecture},
	publisher={Addison-Wesley Professional},
	address={Hoboken, N.J.}
}

@online{boost:circularbuffer,
	author={Gaspar, Jan},
	year=2013,
	title={Boost.Circular Buffer},
	url={www.boost.org/doc/libs/1_64_0/doc/html/circular_buffer.html},
}

@online{boost:posixtime,
	author={Garland, Jeff},
	organization={CrystalClear Software, Inc},
	year=2005,
	title={Boost.Date\_Time},
	url={www.boost.org/doc/libs/1_64_0/doc/html/date_time.html},
}

@article{matjazkljun,
	author={Kljun, Matjaz},
	title={The Information Fragmentation Problem Through Dimensions of
	Software, Time and Personal Projects},
	journal={Informatica (Ljubljana)},
	volume={39},
	issue={3},
	publisher={Slovensko dru√©stvo Informatika},
}

